<?xml version="1.0" encoding="UTF-8"?><collection xmlns="http://www.loc.gov/MARC21/slim"><record><leader>00463nam--2200145-i-4500</leader><controlfield tag="001">000014874</controlfield><controlfield tag="002">20161230</controlfield><controlfield tag="005">20170219230432</controlfield><controlfield tag="008">060222s1000------------r-----000-0-eng-d</controlfield><datafield ind1=" " ind2=" " tag="100"><subfield code="a">Durschmidt, Wolfhart</subfield></datafield><datafield ind1=" " ind2=" " tag="245"><subfield code="a">Aufbau eines mikrowellen-mikrowellen doppelresonanz-spektrometers und untersuchung der messparameter zur optimierung</subfield><subfield code="b">dissert</subfield></datafield><datafield ind1=" " ind2=" " tag="260"><subfield code="a">Tubingen</subfield><subfield code="b">Fakultat Fur Chemie</subfield><subfield code="c">1979</subfield></datafield><datafield ind1=" " ind2=" " tag="300"><subfield code="a">43 p</subfield></datafield><datafield ind1=" " ind2=" " tag="852"><subfield code="a">535.853</subfield></datafield><datafield ind1=" " ind2=" " tag="CAT"><subfield code="a">SYS</subfield><subfield code="c">20170219</subfield><subfield code="h">230432</subfield></datafield></record></collection>